<record><leader>00000cas a22000007a 4500</leader><controlfield tag="001">21365352</controlfield><controlfield tag="008">900412d19431969maudr ne      0    0eng d</controlfield><datafield ind1=" " ind2=" " tag="010"><subfield code="a">sn 89062337 </subfield></datafield><datafield ind1=" " ind2=" " tag="040"><subfield code="a">MGN</subfield><subfield code="b">eng</subfield><subfield code="c">MGN</subfield><subfield code="d">OCL</subfield><subfield code="d">OCLCQ</subfield></datafield><datafield ind1=" " ind2=" " tag="042"><subfield code="a">msc</subfield></datafield><datafield ind1="0" ind2=" " tag="130"><subfield code="a">Lowell sun (Lowell, Mass. : 1943)</subfield></datafield><datafield ind1="1" ind2="4" tag="245"><subfield code="a">The Lowell sun.</subfield></datafield><datafield ind1="3" ind2="0" tag="246"><subfield code="a">Lowell Sunday sun</subfield></datafield><datafield ind1=" " ind2=" " tag="260"><subfield code="a">Lowell, Mass. :</subfield><subfield code="b">[s.n.]</subfield></datafield><datafield ind1=" " ind2=" " tag="300"><subfield code="a">v.</subfield></datafield><datafield ind1=" " ind2=" " tag="310"><subfield code="a">Daily,</subfield><subfield code="b">Sept. 25, 1949-1969</subfield></datafield><datafield ind1=" " ind2=" " tag="321"><subfield code="a">Daily (except Sun.),</subfield><subfield code="b">1943-Sept. 24, 1949</subfield></datafield><datafield ind1="0" ind2=" " tag="362"><subfield code="a">65th year, no. 22 (Jan 27, 1943)-Feb. 23, 1969.</subfield></datafield><datafield ind1=" " ind2=" " tag="500"><subfield code="a">On Sundays published as: Lowell Sunday sun, Sept. 25, 1949-Feb. 23, 1969.</subfield></datafield><datafield ind1=" " ind2=" " tag="752"><subfield code="a">United States</subfield><subfield code="b">Massachusetts</subfield><subfield code="c">Middlesex</subfield><subfield code="d">Lowell.</subfield></datafield><datafield ind1="0" ind2="0" tag="780"><subfield code="t">Lowell sun and citizen-leader</subfield><subfield code="w">(DLC)sn 89062336</subfield></datafield><datafield ind1="0" ind2="0" tag="785"><subfield code="t">Sun (Lowell, Mass.)</subfield><subfield code="w">(DLC)sn 86071698</subfield></datafield></record>